@book{marshall_greek,
  title = {Greek Drama V},
  subtitle = {Studies in the Theatre of the Fifth and Fourth Centuries BCE},
  author = {Marshall, Hallie and Marshall, C. W.},
  publisher = {Bloomsbury Publishing Plc},
  year = {2020},
  isbn = {9781350142367},
}

@book{theaterhist,
  title = {Theatre Histories},
  subtitle = {An introduction},
  author = {Nellhaus, Tobin and McConachie, Bruce and Fischer Sorgenfrei, Carol and Underiner, Tamara},
  publisher = {Taylor \& Francis Group},
  year = {2016},
  isbn = {9781135041120},
}

@article{contestrules,
  title = {Judging Athenian dramatic competitions},
  author = {Marshall, C. W. and {v}an Willigenburg, Stephanie},
  journal = {The Journal of Hellenic Studies},
  volume = {124},
  year = {2004},
  note = {As cited in ``The Dionysia Drama Contest,'' by Sommerstein, Alan, \url{https://blogs.nottingham.ac.uk/ancientdrama/2013/07/16/the-dionysia-drama-contest/}},
}

@book{soul,
  title = {Soul of the age},
  subtitle = {the life, mind and world of William Shakespeare},
  author = {Bate, Jonathan},
  publisher = {Viking Press},
  year = {2008},
  isbn = {9780670914821},
  note = {As cited in ``Richard II (play),'' from \textit{Wikipedia}, \url{https://en.wikipedia.org/wiki/Richard_II_(play)}},
}

@book{convention,
  title = {Theatrical Convention and Audience Response in Early Modern Drama},
  author = {Lopez, Jeremy},
  publisher = {Cambridge University Press},
  year = {2003},
  note = {As cited in \textit{Theater Histories} chapter 5, ``Theatre and the print revolution, 1550-1650''},
}
